@book{Rasche2013AFlights,
    title = {{A 3D path planning approach extended by bifurcation theory for formation flights}},
    year = {2013},
    booktitle = {Studies in Computational Intelligence},
    author = {Rasche, C. and Stern, C. and Kleinjohann, L. and Kleinjohann, B.},
    number = {},
    volume = {480},
    isbn = {9783642373862},
    doi = {10.1007/978-3-642-37387-9{\_}8},
    issn = {1860949X}
}

@inproceedings{Rasche2011AEnvironments,
    title = {{A distributed multi-UAV path planning approach for 3D environments}},
    year = {2011},
    booktitle = {ICARA 2011 - Proceedings of the 5th International Conference on Automation, Robotics and Applications},
    author = {Rasche, C. and Stern, C. and Kleinjohann, L. and Kleinjohann, B.},
    number = {},
    volume = {},
    isbn = {9781457703287},
    doi = {10.1109/ICARA.2011.6144847},
    keywords = {Coordination, Exploration, Multiple UAV, Path planning}
}

@book{Stern2010AnSystems,
    title = {{An infrastructure for flexible runtime reconfigurable multi-microcontroller systems}},
    year = {2010},
    booktitle = {IFIP Advances in Information and Communication Technology},
    author = {Stern, C. and Adelt, P. and Schmitz, M. and Kleinjohann, L. and Kleinjohann, B.},
    number = {},
    volume = {329},
    isbn = {9783642152337},
    issn = {18684238}
}

@misc{ApacheSoftwareFoundation2016ApacheMasses,
    title = {{Apache™ Subversion{\textregistered} – ``Enterprise-class centralized version control{\\\}for the masses''}},
    year = {2016},
    author = {{Apache Software Foundation}},
    url = {https://subversion.apache.org/}
}

@misc{SwissAcademicSoftwareGmbH2016CitaviOrganisieren,
    title = {{Citavi - Wissen organisieren}},
    year = {2016},
    author = {{Swiss Academic Software GmbH}},
    url = {http://www.citavi.de/de/index.html},
    howpublished = {Online}
}

@inproceedings{Rasche2010CombiningScenarios,
    title = {{Combining autonomous exploration, goal-oriented coordination and task allocation in multi-UAV scenarios}},
    year = {2010},
    booktitle = {6th International Conference on Autonomic and Autonomous Systems, ICAS 2010},
    author = {Rasche, C. and Stern, C. and Richert, W. and Kleinjohann, L. and Kleinjohann, B.},
    number = {},
    volume = {},
    isbn = {9780769539706},
    doi = {10.1109/ICAS.2010.16},
    keywords = {Coordination, Exploration, Multiple UAV, Path planning}
}

@inproceedings{Schmidt2008DynamicPlanner,
    title = {{Dynamic optimization of track sectioning in mechatronic systems for a hybrid planner}},
    year = {2008},
    booktitle = {Proceedings of 2008 IEEE International Conference on Mechatronics and Automation, ICMA 2008},
    author = {Schmidt, A. and Esau, N. and Adelt, P. and Stern, C.},
    number = {},
    volume = {},
    isbn = {9781424426324},
    doi = {10.1109/ICMA.2008.4798859}
}

@inproceedings{Stern2012EvaluatingForces,
    title = {{Evaluating the quality of online image registration for aerial images using virtual forces}},
    year = {2012},
    booktitle = {Proceedings of the 2012 International Conference on Image Processing, Computer Vision, and Pattern Recognition, IPCV 2012},
    author = {Stern, C. and Rasche, C. and Kleinjohann, L. and Kleinjohann, B.},
    number = {},
    volume = {2},
    isbn = {9781601322258},
    keywords = {Evaluation, Map building, Online image registration, UAV}
}

@misc{SoftwareFreedomConservancy2016Gitdistributed-is-the-new-centralized,
    title = {{git –distributed-is-the-new-centralized}},
    year = {2016},
    author = {{Software Freedom Conservancy}},
    url = {https://git-scm.com/}
}

@book{Stern2008HierarchicallyAutonomy,
    title = {{Hierarchically distributing embedded systems for improved autonomy}},
    year = {2008},
    booktitle = {IFIP International Federation for Information Processing},
    author = {Stern, C. and Adelt, P. and Richert, W. and Kleinjohann, B.},
    number = {},
    volume = {271},
    isbn = {9780387096605},
    doi = {10.1007/978-0-387-09661-2{\_}1},
    issn = {15715736},
    keywords = {Autonomous systems, Distributed embedded systems, Robot control}
}

@inproceedings{Jungmann2010Increasing2D-features,
    title = {{Increasing motion information by using universal tracking of 2D-features}},
    year = {2010},
    booktitle = {IEEE International Conference on Industrial Informatics (INDIN)},
    author = {Jungmann, A. and Stern, C. and Kleinjohann, L. and Kleinjohann, B.},
    number = {},
    volume = {},
    isbn = {9781424473007},
    doi = {10.1109/INDIN.2010.5549689},
    issn = {19354576},
    keywords = {Deterministic tracking, Moment invariants, Motion flow}
}

@inproceedings{Richert2009IncreasingScenarios,
    title = {{Increasing the autonomy of mobile robots by imitation in multi-robot scenarios}},
    year = {2009},
    booktitle = {Proceedings of the 5th International Conference on Autonomic and Autonomous Systems, ICAS 2009},
    author = {Richert, W. and Scheller, U. and Koch, M. and Kleinjohann, B. and Stern, C.},
    number = {},
    volume = {},
    isbn = {9780769535845},
    doi = {10.1109/ICAS.2009.21}
}

@inproceedings{Richert2009IntegratingRobots,
    title = {{Integrating sporadic imitation in reinforcement learning robots}},
    year = {2009},
    booktitle = {2009 IEEE Symposium on Adaptive Dynamic Programming and Reinforcement Learning, ADPRL 2009 - Proceedings},
    author = {Richert, W. and Scheller, U. and Koch, M. and Kleinjohann, B. and Stern, C.},
    number = {},
    volume = {},
    isbn = {9781424427611},
    doi = {10.1109/ADPRL.2009.4927544}
}

@misc{Kopp2016JabRef,
    title = {{JabRef}},
    year = {2016},
    author = {Kopp, Oliver},
    url = {http://www.jabref.org/}
}

@misc{Gansser2014LeitfadenMarketing,
    title = {{Leitfaden zur Erstellung von wissenschaftlichen Arbeiten im Fach{\\\}Marketing}},
    year = {2014},
    author = {Gansser, Oliver},
    url = {https://www.fom.de/fileadmin/ifes/publikationen/140320_Leitfaden_wissenschaftliche_Arbeiten.pdf}
}

@misc{Seng2015LeitfadenAbschlussarbeiten,
    title = {{Leitfaden zur formalen Gestaltung von Seminar- und Abschlussarbeiten}},
    year = {2015},
    author = {Seng, Anja and K{\"{u}}mpel, Thomas},
    month = {2},
    url = {https://campus.bildungscentrum.de/nfcampus/dc/523/Leitfaden_zur_formalen_Gestaltung_von_Seminar_und_Abschlussarbeiten.pdf}
}

@misc{Mercurialcommunity2016MercurialManagement,
    title = {{Mercurial source control management}},
    year = {2016},
    author = {{Mercurial community}},
    url = {https://www.mercurial-scm.org/about}
}

@inproceedings{Stern2008ReliableService,
    title = {{Reliable evidence of data integrity from an untrusted storage service}},
    year = {2008},
    booktitle = {Proceedings - 4th International Conference on Networking and Services, ICNS 2008},
    author = {Stern, C. and Adelt, P. and Krummel, V. and Ackermann, M.R.},
    number = {},
    volume = {},
    isbn = {076953094X},
    doi = {10.1109/ICNS.2008.28}
}

@inproceedings{Rasche2010Role-BasedUAVs,
    title = {{Role-Based Path Planning and Task Allocation with Exploration Tradeoff for UAVs}},
    year = {2010},
    booktitle = {11th International Conference on Control, Automation, Robotics and Vision, ICARCV 2010},
    author = {Rasche, C. and Stern, C. and Kleinjohann, L. and Kleinjohann, B.},
    number = {},
    volume = {},
    isbn = {9781424478132},
    doi = {10.1109/ICARCV.2010.5707317},
    keywords = {Coordination, Exploration, Multiple uav, Path planning, Task allocation}
}

@inproceedings{Stern2011TowardsRegistration,
    title = {{Towards using virtual forces for image registration}},
    year = {2011},
    booktitle = {ICARA 2011 - Proceedings of the 5th International Conference on Automation, Robotics and Applications},
    author = {Stern, C. and Rasche, C. and Kleinjohann, L. and Kleinjohann, B.},
    number = {},
    volume = {},
    isbn = {9781457703287},
    doi = {10.1109/ICARA.2011.6144925},
    keywords = {UAV, Virtual forces, image registration, map building}
}

@book{Kornmeier2013WissenschaftlichDissertation,
    title = {{Wissenschaftlich schreiben leicht gemacht : f{\"{u}}r Bachelor, Master{\\\}und Dissertation}},
    year = {2013},
    author = {Kornmeier, M},
    series = {UTB Arbeitshilfen},
    publisher = {Haupt Verlag},
    url = {https://books.google.de/books?id=zWRCAgAAQBAJ},
    isbn = {9783825240738}
}

@book{Stickel-Wolf2013WissenschaftlichesWie,
    title = {{Wissenschaftliches Arbeiten und Lerntechniken: Erfolgreich studieren{\\\}- gewusst wie!}},
    year = {2013},
    author = {Stickel-Wolf, C and Wolf, J},
    publisher = {Springer Fachmedien Wiesbaden},
    url = {https://books.google.de/books?id=A7vwmQEACAAJ},
    isbn = {9783658017132}
}